2267 3850
297 200 668 329 'ndBerneggerunn
817 270 825 275 -
879 226 961 331 517

64 405 157 477 tur,
199 376 378 486 perpetuo
401 388 536 463 arrium
565 384 783 474 hominibus
812 384 961 461 libellos

63 496 258 599 supplices
274 494 538 589 offerentibus,
569 496 760 594 causarum
778 500 962 592 patronis,

64 633 290 709 eorumque
315 612 511 689 clientibus
544 610 698 710 plenum
725 628 814 685 erar.
868 612 964 689 Mox
1028 638 1032 648 ¹

64 724 96 803 ὲ
119 726 278 827 prandio
302 722 468 805 officiarii
485 724 705 824 ‘Principum
732 720 965 815 nostrorum,

66 834 306 939 Magistratus
322 837 521 937 oppidani,
538 841 757 936 cererique,
773 840 882 935 queis
901 836 966 915 ali·
1015 907 1029 917 .
1070 844 1075 852 ‘

67 974 155 1053 qua
170 971 267 1051 pars,
289 952 331 1027 δι’
347 974 434 1029 cura
462 950 719 1052 Reipublicae,
745 952 875 1050 privari
900 947 967 1027 de·

68 1068 195 1165 nique
211 1084 279 1165 pro
295 1065 363 1141 luis
378 1066 536 1165 quisque
552 1082 616 1141 aur
633 1062 791 1165 publicis
806 1065 969 1165 negotiis

41 1200 146 1283 iper
164 1197 302 1275 apertas
331 1177 462 1271 fores,
494 1178 531 1254 δι
557 1178 746 1287 invitantia
771 1178 903 1256 limina
918 1176 967 1255 ad

41 1330 42 1377 l
71 1314 148 1373 rne
165 1294 362 1380 intrantes,
382 1290 497 1391 usque
509 1289 554 1368 ad
563 1313 680 1368 coena
689 1290 964 1389 horam,quam

41 1423 43 1495 l
71 1404 206 1505 saepius
219 1406 259 1481 in
281 1405 439 1485 multam
467 1404 619 1507 noclem
637 1400 859 1483 differebam
869 1460 886 1495 ,,
903 1387 967 1481 an-

41 1556 43 1605 i
71 1518 290 1601 diebantur.
318 1518 366 1594 Fa
384 1536 559 1618 perpetua
578 1520 693 1602 milri,
714 1540 965 1618 necunquam

40 1675 44 1728 ,
72 1628 284 1717 intermissa
302 1631 533 1709 consuetudo
549 1631 629 1708 fuit.
685 1633 768 1709 Nec
784 1650 967 1711 tamencx
1051 1621 1053 1644 '

40 1787 45 1848 ,
72 1763 143 1851 tor
158 1744 392 1835 mortalium,
418 1762 462 1821 ex
484 1745 666 1835 omnibus
691 1747 791 1823 urbis
822 1745 968 1848 angulis

40 1859 128 1961 ,ad
154 1880 218 1936 me
249 1857 519 1940 confluentium
544 1858 834 1949 consuetudine,
877 1880 968 1937 cum

40 2026 45 2078 ,
71 1988 255 2078 praeterea
274 1971 468 2050 dornellici
488 1975 563 2052 mei
581 1975 753 2072 qnotidie
775 1973 830 2050 ob
846 1993 968 2075 nego·

40 2134 44 2190 ς
73 2091 131 2170 ria
148 2077 348 2166 familiaria
363 2091 481 2165 rotam
492 2090 682 2166 civitatem
699 2104 967 2190 pertentarent,
1086 2119 1090 2139 ι

41 2255 43 2306 4
73 2203 287 2308 quicquam
306 2223 475 2302 unquam
493 2202 584 2282 mali
610 2225 684 2304 ego
701 2204 804 2281 illive
820 2220 969 2280 eontra,

41 2373 46 2424 ,
75 2319 232 2398 aimus:
258 2334 468 2412 quanquam
487 2317 527 2393 in
543 2313 617 2415 ipsa
633 2319 715 2393 a‘rce
731 2317 810 2394 duo
825 2337 870 2394 ex
887 2314 969 2394 Co·

42 2478 45 2537 ἵ
78 2429 191 2506 mitis
206 2423 300 2504 Susae
316 2425 549 2512 domesticis,
577 2430 665 2504 &ex
681 2429 890 2526 Principum
899 2449 969 2505 no·
1069 2477 1074 2486 -

44 2601 46 2646 ς
78 2541 245 2622 litorum
273 2536 442 2614 ministris
463 2560 564 2616 unns
589 2540 687 2639 pelle
713 2541 861 2618 extiniii
888 2541 971 2620 fne-
1083 2547 1088 2556 '

79 2657 171 2732 rint.
202 2649 375 2728 Praeterea
391 2649 563 2754 Joelltgi,
589 2675 705 2751 quern
723 2652 837 2747 nolli,
855 2676 971 2747 uror,
1006 2667 1013 2677 ·

82 2787 204 2866 quam
218 2757 356 2842 marito
372 2764 547 2855 absente,
565 2766 606 2843 in
622 2766 733 2865 ipsas,
756 2789 848 2865 quas
866 2771 972 2844 inco·

81 2880 217 2957 lebam
243 2878 337 2978 aecler
368 2900 607 2984 receperam,
647 2879 842 2980 postquam
868 2881 973 2958 ulcus

83 2987 302 3092 pelliferum
329 2991 433 3068 uxori
459 3011 551 3070 mea
573 2992 880 3072 contreliandum
908 2993 972 3070 de-

84 3103 167 3190 dit,
199 3101 355 3188 cadem,
371 3127 447 3206 qua
462 3103 484 3182 a
500 3129 562 3183 me
579 3103 730 3206 digtella
745 3105 814 3196 eli,
841 3107 972 3198 troile,

85 3210 256 3294 discessit.
312 3217 416 3304 Alia,
441 3215 516 3319 qua'
534 3217 762 3298 familiariter
777 3221 973 3298 domestici

52 3357 58 3368 ¹
88 3331 169 3410 mei
197 3326 423 3426 utebantur,
461 3329 600 3432 pellem
629 3331 754 3412 secum
776 3333 973 3427 circumfe-

86 3463 195 3530 rens,
210 3462 301 3518 curn
320 3443 566 3542 nesciocuius
584 3449 638 3526 rei
654 3451 772 3553 gratia
787 3448 910 3526 uxoris
919 3443 976 3523 fa·
1024 3483 1028 3500 ·

146 3554 244 3636 Tum.
262 3561 356 3634 XIV.
529 3559 598 3648 „Li
701 3560 704 3569 ’
888 3579 975 3640 mu·

1020 3762 1096 3810 A
