2267 3850
85 141 92 152 ,
245 105 342 270 'be
367 176 560 270 Albeinnn
580 177 766 272 Plalnnir.
903 189 961 296 73

68 470 194 552 illam
212 479 400 556 mentem,
418 465 603 546 fabricasse
622 469 834 556 mnndum·
855 465 964 544 illum
1053 493 1057 500 ·
1079 561 1081 566 Ι

68 584 117 659 ἅ
136 584 307 660 animam
324 580 478 681 quidem
496 582 629 659 mundi
645 581 845 658 abeodem
857 601 966 656 mun·

69 696 137 774 do
161 694 335 774 insertam
362 687 452 782 esse,
477 696 539 772 sed
561 697 723 772 minime
746 717 790 770 er
816 691 964 770 essentia
1002 749 1008 766 i
1049 737 1055 742 -

72 808 269 888 divulsam
288 807 401 887 inille.
484 806 616 887 Altum
633 809 746 884 etiam
761 805 830 896 hac
850 805 899 884 de
922 827 963 886 re
1001 805 1005 813 '

73 919 165 1000 silet
182 924 229 1000 T.
254 921 417 1014 socrus,
442 923 510 1021 qui
530 920 690 1000 saneltic
719 919 877 996 minime
896 941 964 996 ne·
1018 986 1024 1000 ,

75 1035 287 1138 gligendns
308 1033 370 1115 esi.
430 1049 466 1137 3¹.
509 1035 547 1114 Si
563 1057 654 1113 cum
668 1033 872 1111 Platonicis
896 1035 964 1112 tria

76 1151 263 1250 principia
279 1147 500 1241 statuamus,
527 1171 692 1249 quorum
721 1145 965 1224 secunduma
1065 1225 1077 1240 ,,

75 1263 228 1364 ptimo,
249 1265 402 1342 tertium
418 1284 440 1338 a
457 1262 642 1365 secundo,
659 1278 785 1338 ortum
803 1257 965 1359 sinquar
1089 1339 1093 1344 ,

80 1397 163 1475 que
177 1374 325 1454 intetse
348 1373 522 1476 gradibus
536 1375 772 1475 persenionis
799 1373 965 1482 dilliniia

79 1487 173 1595 sint,
196 1507 279 1566 mm
306 1487 449 1568 nethoc
465 1488 622 1587 quidem
648 1491 748 1580 iuvat
765 1496 811 1564 D.
822 1491 963 1581 (irum

79 1605 242 1678 Primum
258 1603 360 1678 enim
380 1624 402 1678 a
418 1600 574 1680 Platone
588 1601 849 1702 &sequacibus
867 1599 966 1678 sem·

80 1735 149 1814 per
182 1712 395 1792 describitur
429 1731 606 1816 tanquam
642 1709 967 1816 perfeilissimnm,

79 1824 449 1925 eminentissimum„
490 1832 526 1905 ἀ
550 1828 658 1931 quod
676 1831 780 1932 supra
804 1849 965 1906 omnem
1058 1899 1063 1910 ,

78 1936 311 2042 intelligendi
341 1945 417 2020 vim
436 1943 596 2047 postum
629 1942 691 2023 ell.
770 1938 963 2020 Secundum

30 2154 37 2165 ‘
80 2054 418 2158 sempertanquam
436 2057 534 2135 tonitr
557 2054 759 2151 noriam
806 2059 964 2137 Tertiam

83 2192 127 2247 er
143 2169 302 2249 ,dividuo
317 2174 354 2247 ἀ
373 2169 581 2249 individuo·
594 2164 866 2269 compositum,
885 2188 964 2247 tan-

80 2304 196 2385 quam
211 2281 315 2361 causa
329 2288 460 2382 omnia
476 2281 707 2363 soecnndans.
733 2282 881 2363 Nullibi
893 2304 964 2365 an-

84 2414 163 2473 tem
193 2394 327 2486 Plato,
372 2400 485 2474 trium
505 2397 660 2475 illomm
693 2398 963 2500 principiorum
996 2478 999 2487 ,

87 2508 271 2609 originem
288 2504 456 2614 perspicue
475 2509 646 2613 explicuit.
699 2512 850 2589 Interim
870 2534 964 2588 cum
1014 2530 1019 2535 ·

84 2621 231 2702 aliunde
243 2642 381 2701 nomm
398 2622 461 2712 fit,
479 2621 607 2699 Deum
625 2624 661 2700 ἀ
679 2636 774 2709 λογον
797 2626 836 2701 in
859 2622 965 2724 sylle-

29 2784 32 2791 ·
85 2753 183 2814 mate
206 2736 369 2814 Platonis
402 2734 564 2835 semper
581 2736 758 2836 principia
790 2738 964 2837 quadam

87 2873 169 2943 nepa
181 2848 383 2948 denotare,
402 2851 576 2928 animum
586 2848 635 2926 ab
643 2848 821 2929 omnibus
837 2851 970 2943 rebus,¹

85 2982 161 3058 que
190 2964 231 3039 in
257 2962 378 3043 sensns
426 2963 597 3059 eadunt,
639 2983 813 3045 revocare
847 2964 965 3045 debe·

48 3166 54 3182 ι
89 3091 190 3157 mut,
218 3096 342 3177 neque
358 3080 559 3178 quiequam
578 3077 614 3156 ei
630 3066 831 3177 impotare,
844 3100 965 3177 quam
1023 3174 1028 3181 .

65 3184 186 3284 xqnod
203 3187 261 3262 vel
277 3184 400 3292 diserte
423 3188 599 3292 professus
619 3190 688 3283 eli,
716 3210 779 3268 aut
806 3213 871 3291 per
884 3194 963 3269 evi-
1073 3214 1082 3245 t

89 3292 304 3401 dettffimm
327 3300 597 3410 consequentiam
616 3328 660 3383 er
678 3305 867 3406 principiis
881 3308 964 3397 eins

29 3425 30 3428 ‘
89 3410 288 3517 sequnntur.
367 3414 440 3499 Sed
478 3419 645 3497 animam
671 3418 798 3515 illam,
820 3420 966 3521 lnquit,

479 3528 510 3608 E
537 3554 563 3634 5
880 3536 964 3607 Θιον
