2267 3850
188 153 243 250 16
376 166 386 178 ²
451 212 455 234 ·
528 155 700 279 Elogiurr

45 407 50 415 .
184 340 322 416 ratium
346 335 469 430 aleret
485 334 785 428 commercium,
804 335 929 434 iisque
944 353 1068 426 =tanta

182 451 358 530 felicitate
383 449 418 526 se
438 447 752 542 commendaret,
795 464 838 523 ut
869 451 930 527 via
970 451 1066 529 inde

183 581 305 664 aperta
324 565 381 654 fit,
405 584 479 661 qua
495 559 618 663 postea
639 560 685 639 ad
700 561 837 638 excelsa
853 559 1064 642 honorum

180 678 347 758 culmina
370 673 538 776 graffatus
562 671 624 781 est.
703 667 838 752 Redux
860 693 1064 756 autumno

181 791 294 884 huius
318 791 404 867 anni
437 788 668 886 salutatisque
694 805 846 887 parente
872 790 910 866 δι
939 794 1065 890 partia

91 957 101 994 2
183 923 296 984 terras
313 925 467 1004 quoque
483 901 557 982 aiio
575 898 640 979 sub
658 900 736 979 sole
753 902 919 981 calentes
946 904 1060 982 adite

181 1037 343 1122 paratus,
370 1017 473 1094 DEO
490 1017 606 1105 duce,
632 1013 843 1093 eruditione
857 1016 896 1092 δι
910 1019 1060 1116 pietate

181 1132 397 1223 comitibus,
405 1131 451 1208 ad
468 1134 541 1210 iter
549 1129 714 1208 Italicum
733 1129 769 1206 se
787 1130 958 1222 accinxit,
968 1131 1059 1210 Au·
1075 1189 1079 1194 -

181 1248 302 1326 sonias
326 1267 482 1346 quoquc
509 1244 676 1341 divitias,
699 1264 778 1319 uon
799 1266 890 1321 arce
907 1242 974 1322 sed
993 1245 1058 1322 in·

182 1364 296 1470 genio
317 1359 496 1461 replendo
518 1376 618 1460 aptas
636 1355 871 1435 corrasums:
897 1357 1056 1436 Locum

30 1543 31 1546 a
181 1497 275 1558 vero
298 1470 365 1552 fibi
395 1473 510 1575 elegit
534 1468 822 1571 antiquissimam
854 1469 1056 1551 Musarum

80 1574 87 1600 '
117 1633 142 1672 a
180 1589 308 1669 sedern
325 1589 362 1664 δι
381 1583 706 1666 celebratisfimutn
729 1587 958 1688 optirnarum
995 1610 1054 1665 ar.

95 1703 98 1714 '
179 1705 281 1781 tium
300 1699 516 1800 emporium
533 1701 752 1795 Patavium,
785 1697 850 1775 ubi
874 1701 961 1775 artis
976 1701 1052 1776 im·

175 1817 307 1919 primis
331 1813 492 1890 salutaris
516 1808 738 1911 preceptaa
768 1811 929 1888 summis⁴
950 1812 1055 1916 Viris

29 1936 30 1939 ‘
158 1942 162 1947 ’
178 1930 437 2018 tradebantur,
451 1926 488 2000 ec
505 1926 681 2005 crebriori
699 1948 853 2025 quoque
870 1921 1049 2004 artificio-

177 2045 221 2123 sae
253 2042 420 2121 seiiionis
455 2042 623 2139 corporis
666 2038 824 2118 humani
865 2039 1050 2117 exercitio

87 2156 96 2168 ⁴
173 2156 340 2237 multum
389 2151 437 2231 ad
474 2155 735 2262 cognitionem
778 2155 1050 2231 accuratiorem

178 2270 359 2349 machinae
374 2266 543 2346 humanae
559 2264 780 2345 afferebatur
795 2264 1047 2345 subfrdii.Per·

60 2444 65 2450 .
177 2378 331 2461 sonabat
344 2402 527 2465 vetorum
543 2380 841 2481 quoqnePatavii
856 2380 1046 2458 admiran-

175 2496 223 2575 da
247 2492 386 2573 orlavu
400 2499 555 2585 Ferrarii
571 2495 807 2595 eloquentia,
823 2517 939 2594 quem
954 2516 1044 2572 cum

174 2608 319 2689 audiret
332 2606 527 2711 impcnfius
535 2608 669 2688 Noster
683 2610 825 2687 mirum
834 2611 873 2684 in
880 2606 1041 2686 modum
1053 2635 1055 2642 ·

112 2892 113 2900 ι
175 2836 324 2916 tiotem'
345 2833 594 2915 lubentiffirne
633 2838 859 2916 concederet
886 2835 1039 2912 aditum.

172 2951 443 3051 Sesquiannum
456 2972 548 3029 vcro
559 2950 615 3028 ibi
631 2946 1041 3032 commoraturum

173 3066 240 3145 lita
282 3064 500 3142 eruditionis
539 3070 777 3143 accuratione
825 3064 866 3139 in
902 3063 1039 3161 exiguo

174 3180 358 3279 temporis
374 3178 492 3279 spatio
510 3178 615 3278 plura
626 3181 668 3254 in
686 3180 770 3255 usus
787 3176 871 3252 suos
885 3191 1036 3266 venene,

175 3314 293 3392 quam
324 3290 386 3367 alii
410 3290 601 3381 solebant,
624 3291 689 3389 qui
708 3312 772 3387 per
783 3289 1035 3391 quinquenni·

173 3402 312 3538 timisti
327 3404 518 3487 Musarum
536 3404 611 3485 sedi
626 3403 886 3486 adnuebant.-
935 3401 1035 3480 Tum
1104 3423 1105 3470 ι

992 3513 1039 3595 ad

41 2730 44 2737 '
176 2724 256 2821 ejus
272 2720 338 2801 fibi
354 2724 518 2803 devinxit
540 2728 730 2813 animum,
753 2724 843 2800 utei
866 2720 1040 2820 frequen·
1104 2779 1105 2828 ἰ
