2267 3850
325 120 704 255 ,Jotr‘tna‘s'Homelii
753 49 965 242 „³433

44 318 174 429 rapu
192 298 420 400 faelicitate,
448 293 515 383 sed
536 294 770 408 prudentia,
796 291 968 405 judicio·
1070 313 1072 316 ·

44 424 159 525 que
185 410 400 522 adaequare
433 412 595 521 semper
626 406 884 510 studuimus,
910 408 968 497 ita

44 526 167 614 fieri
186 525 351 611 solitum
366 524 443 609 esse
464 522 725 633 accepimus,
752 542 800 608 ut
816 518 967 631 quibus

44 640 204 734 inesse
226 632 400 750 aliquid,
429 633 967 749 quod‘aicommunibusau·

44 756 132 842 ria
152 752 271 866 vulgi
295 751 469 839 alienum
486 751 564 837 esse
592 769 893 868 compererant,
917 752 969 839 iia
1071 804 1075 822 ι

46 868 251 954 demum
268 861 465 953 benefitio
483 862 554 952 nbi
565 863 816 981 obligandis,
843 883 968 976 atque
988 893 991 902 ·

50 981 130 1071 ad
148 984 347 1068 virtutem
357 978 597 1084 excitandis,
615 985 967 1091 operamomnem

45 1116 206 1209 ,atque
223 1093 765 1207 industriamimpenderent.
822 1093 968 1178 Hisre·

45 1207 161 1299 ‘bus
179 1207 333 1294 fastum
347 1211 426 1312 est,
456 1228 504 1293 nt
530 1205 748 1319 praetlaros
766 1206 881 1293 domi
898 1204 969 1291 Ci-

59 1350 156 1409 ves
171 1323 387 1421 foverent,
416 1346 597 1433 quorum
627 1321 801 1433 consiliis
826 1344 972 1432 respu-

58 1433 202 1523 blicae
217 1432 494 1524 omnoiareue
510 1434 826 1537 sustinerentur,
855 1434 968 1521 &so

63 1576 149 1637 ras
171 1554 358 1659 ¹strenuos
387 1546 649 1661 invitiosque
672 1548 823 1634 milites
851 1549 969 1635 emit·

67 1683 219 1751 terent
242 1724 256 1768 ,
297 1686 476 1775 quotum
494 1662 637 1749 virtuti
661 1661 765 1747 nihil
785 1662 968 1759 invium,

45 1776 344 1889 peonitentiae,
372 1771 473 1863 nihil
491 1773 691 1870 invillum
715 1774 835 1863 soret.
894 1779 969 1861 At·
1020 1875 1026 1897 ‚

71 1916 165 2008 que
178 1886 279 1978 -haec
294 1888 461 2001 quidem
480 1886 739 1987 invitandiad
753 1890 969 1978 virtutem·

45 2029 165 2117 ’que
185 2001 381 2094 excitandi
407 2004 548 2090 munia
571 2056 585 2096 ,
618 1999 813 2116 quamdiu
835 1989 971 2090 obser·
1071 2045 1076 2054 ·

75 2137 179 2206 vata
197 2119 320 2228 sunt,
348 2143 436 2204 rem
462 2120 726 2221 Romanam,
754 2143 878 2231 quam
896 2144 971 2204 au

65 2229 405 2348 gendamnobis
427 2235 542 2318 Deus
561 2232 665 2341 Opt.
685 2233 796 2320 Max.
811 2229 968 2330 tribuit,
1059 2279 1062 2284 ·

75 2343 198 2434 nullo
231 2346 413 2434 tumultu
454 2345 684 2456 oppressam
709 2346 820 2435 esse,
843 2345 969 2432 ‘nollit

81 2459 261 2548 hostium
277 2451 671 2559 sutoribusceffisse,
696 2454 968 2562 neruosusne,

80 2575 156 2686 qui
180 2597 264 2684 pru
290 2569 420 2656 Patria
446 2632 459 2670 ‚
495 2595 674 2681 proque,
688 2571 886 2658 Romania
909 2572 968 2658 le·

84 2669 276 2801 gionibu'o
302 2683 377 2770 sese
408 2680 517 2770 ultro
536 2681 611 2768 diis
634 2679 825 2772 manibus
841 2686 969 2791 dero·
1042 2727 1048 2736 ⁴

87 2819 239 2886 vetent.
300 2801 443 2909 Sitque
477 2801 520 2883 lc
557 2793 850 2910 rempublicam
874 2795 1016 2910 canes

91 2913 245 3023 semper
264 2913 446 2999 maximo
479 2911 523 2996 in
556 2905 719 2999 honore
744 2938 832 3000 non
854 2914 984 3002 inco·

90 3027 229 3114 lumen
257 3026 388 3113 modo
403 3069 428 3126 ,·
450 3021 516 3110 sed
537 3023 744 3113 vistricem
777 3029 967 3116 omnium

93 3138 302 3254 gentium,
340 3139 638 3248 nationumque
662 3140 776 3227 fuisse
798 3143 969 3245 constat,

92 3275 207 3362 arque
225 3247 276 3338 ab
294 3251 434 3338 eadem
452 3279 539 3338 non
556 3253 809 3342 fortitudinis
825 3254 971 3357 modo,

49 3411 57 3420 -
96 3365 156 3454 sed
172 3369 210 3454 tr
226 3363 450 3456 litterarum
471 3367 763 3482 &prudentie
777 3369 972 3502 omuino
1054 3468 1058 3476 4

827 3507 972 3598 nuque
