2267 3850
285 104 289 111 ·
368 168 506 261 Renatt'
524 170 723 285 Maffueti.
887 187 971 293 293

47 368 51 429 ς
75 335 276 419 bricium,
291 332 390 411 haud
413 332 735 411 contemnendum
748 338 974 425 auctorem

47 446 49 465 '
77 446 150 526 sed
169 448 237 547 qui
261 444 354 525 nihil
371 444 417 521 ad
448 466 529 523 rem
557 466 660 523 ruam
693 444 816 524 faciat.
868 444 974 526 ‘aui
1034 516 1048 533 f

47 558 332 638 'offensatores
355 558 464 653 sunt,
507 556 782 658 offendiculum
813 559 974 639 incautis

46 684 47 767 J
79 674 255 777 praebere
268 674 358 763 nari,
367 670 606 757 ducesinfidi,
622 693 644 749 a
663 672 801 773 quibus
814 672 972 771 proinde
1030 715 1037 733 ι

46 784 232 865 *caveas
291 786 364 864 Eos
378 784 975 891 tameuomoesauctorcspercur'n

82 922 147 979 ras
165 896 451 991 neeeffeeuseu
468 919 581 980 cauto
597 898 743 1000 semper
758 896 851 997 pede
863 932 871 975 :
882 900 972 979 hee·
1083 973 1087 982 ,

81 1036 164 1115 que
174 1016 266 1093 Tibi
281 1036 351 1115 prae
366 1015 485 1099 oculis
502 1013 646 1117 Regula
661 1013 804 1111 semper
818 1010 892 1090 cue
905 1013 972 1093 de·

82 1128 155 1207 bct
171 1183 183 1219 ,
199 1147 242 1205 ut
256 1128 570 1227 quotiescumque
586 1126 653 1205 soii
669 1125 857 1229 quidpiam
883 1125 971 1227 pr'o-

82 1240 236 1332 ferunt,
254 1242 367 1319 toties
377 1242 392 1331 ,'
407 1239 432 1317 fi
453 1262 533 1317 non
545 1216 676 1317 faisum
686 1296 698 1334 ,
714 1239 844 1320 saitem
863 1238 970 1343 vaide

82 1356 251 1431 dubium
267 1356 359 1431 Tibi
378 1354 492 1432 videri
512 1351 759 1448 debear,·ncc
771 1352 969 1454 proinde&
1086 1423 1092 1429 .

83 1468 149 1547 Te
168 1489 350 1575 umquam
367 1468 405 1543 io
423 1458 557 1547 corum
578 1464 653 1543 fide
670 1465 780 1545 afferi
838 1465 969 1570 Multo

87 1582 221 1661 minus·
232 1601 299 1658 eos
316 1580 504 1673 austures,
523 1578 662 1657 nullius
684 1599 786 1660 cette
804 1578 845 1655 iu
862 1598 970 1678 repu-

87 1693 191 1771 blica
208 1692 381 1781 litteraria
405 1692 644 1789 antiquitatis,
659 1692 858 1773 assertionis
873 1695 970 1769 Tute

71 1805 198 1885 ‘vades
212 1806 325 1884 citare
342 1828 521 1907 umquam
540 1805 655 1885 debes
669 1806 842 1899 ,acriori
856 1804 968 1905 quip·
1072 1820 1085 1833 “

87 1942 135 2023 pe
151 1918 294 1998 iudicio
312 1919 450 2020 polles,
472 1910 658 2021 quamut
676 1918 885 2020 perversum
903 1915 967 1999 Se·

85 2033 391 2135 preortionalium
425 2054 579 2113 tuorum
614 2057 764 2112 morem
788 2033 966 2126 imiteris,

87 2150 155 2246 qui
183 2146 346 2224 multum
361 2149 397 2226 se
417 2147 536 2226 fecisse
559 2165 712 2250 putant,
745 2169 833 2226 cum
848 2145 966 2225 libro·

86 2269 174 2341 tum
202 2255 354 2337 suorum
381 2265 569 2364 margines
590 2262 826 2363 oppleverint
841 2255 967 2339 infini-

87 2375 136 2454 tis
150 2371 343 2451 aueiorum
362 2375 501 2454 nuliius
518 2377 685 2458 nominis
705 2373 963 2456 citationibutr
1081 2412 1091 2428 ,

87 2510 168 2589 que
193 2485 358 2587 quisquis
380 2487 544 2566 nasutior
557 2487 672 2591 legit,
702 2490 854 2566 miratur
879 2486 963 2586 qui-

88 2601 176 2678 dem
194 2595 424 2702 vastissimam
440 2597 623 2700 scriptoris
645 2592 868 2687 leciionem,
898 2597 963 2678 sed

42 2763 43 2768 κ
89 2715 266 2816 temporis
282 2711 455 2806 jacturam
473 2714 601 2806 doiet,
619 2715 875 2822 iudiciumque
894 2711 963 2791 de·
1039 2810 1046 2822 ἱ
1083 2761 1087 2770 -

62 2835 66 2843 ’
88 2823 222 2904 fiderat
277 2825 349 2904 Sed
369 2827 427 2903 vir
442 2825 491 2906 ab
507 2826 559 2903 ira
576 2843 765 2926 tempero,
782 2849 873 2905 cum
882 2823 963 2904 Bai·
1029 2876 1033 2885 -

90 2939 181 3016 lium
200 2961 223 3017 a
241 2941 300 3018 Te
318 2939 489 3038 laudiqus
501 2936 769 3048 ‚efferriaudio
824 2940 960 3020 vinnm
1035 2997 1038 3004 .

91 3047 319 3141 trossi,atnice
331 3048 352 3126 ἔ
366 3053 499 3132 Homo
514 3053 587 3131 fuit
604 3053 744 3131 nullius
753 3052 960 3155 religionis,
1006 3133 1009 3142 ,

90 3163 224 3242 nullius
240 3161 340 3259 fidei,
349 3165 486 3266 nullius
497 3165 636 3260 judieii,
651 3167 716 3268 qui
728 3168 845 3246 'obvia
863 3187 960 3267 quae·
1063 3166 1088 3255 'j

90 3300 182 3376 quc,
198 3297 284 3355 vera
299 3301 347 3355 an
362 3279 468 3373 falsa,
496 3299 609 3382 prout
634 3279 700 3359 sub
723 3300 878 3360 mauram
894 3299 960 3385 ve·
1087 3285 1088 3314 ³

92 3391 214 3488 oiuut,
230 3407 372 3474 temere
390 3395 541 3498 arripit,
561 3392 755 3494 permiscet
771 3450 785 3492 ,
801 3389 959 3582 confan-
1086 3434 1087 3439 κ
