2267 3850
73 271 78 280 ,
156 162 255 273 604
380 158 554 277 Historia
569 152 837 281 Dialogorum-

78 426 89 448 ,x
161 342 279 442 Spero
294 357 419 437 autern
433 338 672 416 me'eandem
694 335 987 417 declarationem
999 343 1058 420 al·

35 549 39 557 Ι
135 448 138 451 ’
160 455 347 559 laturum,
365 457 447 549 {que
462 472 544 527 nort
561 449 682 527 modo
701 450 832 542 vobis,
853 455 920 551 qui
934 454 1077 556 arqui-3

162 585 237 645 rate
256 587 335 642 non
353 566 432 655 jure
450 566 622 660 summo,
646 584 690 639 ex
707 563 882 642 charitate
902 586 983 643 non
1003 589 1066 651 ex,

37 760 41 767 ,
161 682 285 780 aliqua
307 680 425 756 animi
447 679 745 777 perturbatione,
770 678 807 752 dt
824 677 951 781 scripta
974 681 1054 758 bo-

162 814 301 873 norum
319 795 485 870 vitorum
503 790 708 892 expendere
731 790 768 865 δι
789 792 873 869 lites
887 812 1052 872 contro·

29 991 30 1026 Ν
161 903 365 1007 verliasqoe
386 909 588 984 terminate
606 902 863 997 consuevistis3
908 927 1050 987 verum

29 1031 30 1056 ¹
152 1024 277 1101 etiam
293 1020 515 1112 adversariis,
533 1016 557 1095 st
575 1018 695 1095 rnodo
708 1018 791 1119 quis
811 1018 976 1117 reliquus
993 1018 1049 1101 est

72 1221 79 1232 x
162 1136 204 1214 in
229 1136 285 1212 eis
307 1132 548 1211 humanitatis
569 1130 712 1225 sensus,
740 1128 782 1209 dr
802 1132 1053 1231 satisfadlrrra:¹

161 1248 269 1325 &iis
292 1248 360 1347 qui
385 1246 480 1324 mihi
507 1246 605 1323 bene
640 1242 772 1324 volunt
795 1246 833 1322 dr
863 1250 1046 1347 cupiunt,

65 1410 70 1413 -
160 1360 458 1441 consolationem
488 1360 650 1438 allatura.
707 1360 791 1437 Oro
811 1379 944 1439 autern
973 1382 1044 1441 voe

160 1494 316 1566 ornnes,
339 1494 382 1551 ut
399 1497 492 1552 mee
512 1469 600 1552 fidei
618 1476 656 1551 io
672 1472 888 1553 Dominum
905 1473 1043 1574 protei·

159 1586 302 1672 lienem
327 1609 405 1667 non
422 1612 476 1666 ex
499 1610 578 1665 uno
604 1586 731 1685 aliquo
755 1588 866 1674 loeo,
896 1587 972 1666 ¹led
994 1610 1054 1671 ex,-

55 1747 59 1753 ,
161 1698 294 1781 moltis
312 1702 392 1779 aliis
408 1697 515 1777 fimul
530 1723 576 1777 ex
592 1700 730 1778 eodem
751 1724 864 1800 opere
880 1702 1040 1797 collatis,

161 1836 275 1915 atque
293 1812 367 1890 oni
386 1836 430 1889 ex
453 1811 522 1890 bac
541 1835 627 1890 mea
651 1814 896 1893 declaratione
912 1799 1038 1892 caere'ta

159 1931 290 2007 omnia
306 1926 513 2026 expendere
530 1949 574 2004 ac
590 1927 865 2006 metiri‘velitis.
917 1929 1036 2032 Qod

70 2101 91 2121 -„
160 2039 201 2127 fi,
219 2050 260 2118 ur¹
276 2041 402 2141 spero,
421 2035 607 2135 feceritis,
623 2042 818 2120 invenieris
837 2065 898 2119 me
919 2043 959 2121 in
973 2045 1036 2136 iia,

132 2170 242 2256 'quae
264 2157 310 2232 ad
338 2152 493 2232 salutem
516 2153 793 2254 perChrlstuot
821 2157 1033 2236 Dominum

157 2257 459 2368 eonseqoendam
478 2271 682 2369 pertinent,
707 2267 804 2346 nihil
818 2270 867 2347 ab
884 2267 1037 2369 Apollo·

94 2437 99 2440 -
157 2384 232 2461 lica
259 2383 447 2469 dodinae,
479 2381 573 2461 nihil
608 2407 629 2458 a
663 2380 777 2461 vestra
806 2381 1037 2462 confeffione

95 2517 103 2532 ·
156 2496 302 2599 prorsus
326 2491 519 2579 diffentite.
600 2492 745 2597 Qrodli
769 2495 909 2596 aliquid
936 2496 1036 2575 aliud

156 2631 285 2710 pretet
314 2610 508 2690 netellaria
524 2611 731 2713 Religionis
752 2613 869 2709 capita
888 2613 925 2687 in
942 2611 1035 2688 nteit

46 2734 51 2740 “
156 2724 295 2824 scriptis
319 2723 418 2802 forte
440 2727 662 2810 invenierisn
680 2721 785 2825 quod
804 2726 1051 2820 aliquantum.

155 2859 177 2916 e
203 2841 401 2916 commoni
427 2837 628 2915 hominurn
654 2838 833 2936 opinione
853 2837 1034 2916 diseede-te

29 3019 31 3039 ,
154 2950 343 3039 videatur,
369 2948 443 3028 ida
460 2974 524 3029 me
542 2955 581 3028 in
596 2970 791 3050 utramque
808 2947 1034 3050 partemrdis-

152 3067 305 3164 putandi
320 3060 441 3157 causi,
458 3087 537 3145 non
555 3063 757 3142 definiendi
773 3084 837 3141 aut
857 3061 1033 3154 statuendi

132 3179 329 3276 -seriptrttn
348 3174 417 3254 elle
435 3176 567 3270 telon
598 3177 719 3276 sicque
731 3181 853 3277 accipi
863 3177 976 3272 volo,
993 3195 1033 3254 nt

151 3293 193 3370 in
214 3290 293 3390 ipsa
318 3291 555 3393 dialogorum
578 3291 791 3393 prelatione
806 3292 1033 3390 epilogoqoe

153 3405 283 3486 diserte
299 3403 380 3490 sum
398 3401 555 3485 testatus.
612 3405 751 3504 Neque
766 3406 868 3482 enim
885 3403 1042 3533 illaalio

161 3560 166 3566 ·
251 3568 256 3578 ,
885 3537 1031 3594 nanrmo
