2267 3850
258 167 359 268 ⁸s).
375 177 489 269 Luca
504 149 721 270 Sebroeeleii.
897 185 951 284 15
1054 159 1058 166 ’

13 421 14 432 Ν
79 343 267 446 pompam
285 343 488 418 &inanem
505 340 715 439 justantiam
744 341 952 436 rescrebat,

79 457 151 538 sed
181 456 227 535 ad
252 453 488 533 soliditatem.
573 454 784 533 Imitaturus
808 445 960 555 ltaque.

78 573 335 668 sormicarum
362 589 543 659 morem,
575 589 659 666 quae
681 569 805 646 multo
820 569 953 650 labore

78 711 131 766 ex
149 687 255 764 variis
270 683 365 761 locis
381 681 556 760 alimenta
573 679 639 760 sibi
655 687 899 780 conquirunt,
913 687 953 764 dc

79 800 244 880 sollicita
259 817 372 897 opera
394 797 586 897 ingeniose
609 815 879 903 comportant,
905 799 955 878 ad

79 917 156 992 iter
175 911 209 992 se
227 912 403 1014 accingit,
419 912 620 1012 regionum
642 901 819 1006 elima'ta,
835 912 955 992 visius

78 1029 120 1106 δε
139 1045 251 1127 potus
267 1029 453 1116 rationes,
496 1043 634 1102 naturae
650 1047 809 1124 operum
837 1025 957 1104 admi.

81 1143 201 1220 randa
217 1141 445 1241 specimina,
487 1140 759 1214 medicatorum
784 1138 955 1220 sontium

81 1255 329 1358 proprietates
353 1307 366 1344 ,
404 1251 630 1328 morborum
654 1252 957 1350 epidemicorum

13 1401 20 1412 ·
81 1373 121 1448 δι
138 1373 248 1447 certis
270 1363 488 1468 regionibus
511 1365 750 1464 propriorum
768 1366 958 1446 mirabiles

81 1485 183 1562 haud
204 1505 286 1560 raro
301 1477 608 1568 circumstantias,
634 1476 768 1556 herbas
786 1481 958 1577 rariores,

82 1593 382 1676 metallisodinas
417 1591 668 1682 celebriores,
694 1595 731 1668 δ(
775 1618 858 1693 quae
884 1595 959 1674 alia

83 1711 167 1788 sunt
181 1755 193 1795 ,
229 1707 276 1784 de
291 1704 429 1806 quibus
454 1705 691 1784 Medicorum
717 1703 783 1782 filii
810 1706 959 1786 solliciti

85 1821 158 1900 elle
180 1821 302 1927 solent
312 1854 332 1914 ·,
374 1819 677 1921 perscrutamrus,
700 1820 958 1901 celebriorum

84 1938 402 2015 bibliothecarum
435 1934 581 2012 forulos
600 1934 830 2029 excussurus,
859 1940 992 2016 viro-x

85 2074 172 2131 rum
199 2046 550 2129 doctissimorum&
574 2050 613 2125 in
631 2068 706 2127 arte
724 2046 958 2149 potissimum

78 2163 234 2257 ¹Medica
249 2165 456 2243 celebrium
472 2164 671 2263 colloquio
686 2166 862 2243 notitiem
873 2165 959 2243 Me·

86 2278 209 2357 dicam
224 2280 261 2353 &
272 2278 469 2355 literarium
488 2277 764 2365 adaudiurnss&
782 2302 863 2377 qua
879 2276 960 2379 ipse
1059 2269 1063 2275 ’
1120 2301 1121 2332 t

16 2432 26 2463 ν
82 2395 127 2471 in
146 2390 350 2469 Academia
373 2388 575 2476 didicerat,
607 2392 895 2473 adconcinnam
918 2394 961 2469 dc
1031 2469 1036 2479 ,
1120 2395 1121 2454 ἰ

87 2502 213 2601 justam
235 2504 484 2581 maturitatem
502 2506 538 2577 δι
558 2502 765 2583 masculum
786 2508 961 2606 vigorem

89 2618 338 2721 perducturus.
403 2618 497 2718 Quo
514 2618 644 2694 animo
669 2620 784 2696 varias
800 2621 959 2697 Germa·

90 2734 156 2811 niu
171 2730 603 2833 provinciasperagravit,
620 2753 671 2809 eo
687 2730 959 2823 srusiu,urnou

92 2850 297 2925 eruditione
312 2864 459 2922 rantum
478 2842 615 2922 rediret
635 2842 960 2947 locupletislirnus,

16 2978 18 2981 ·
92 2960 152 3053 sed
170 2965 205 3037 δι
224 2984 367 3064 magna
383 2959 490 3039 samu
500 2958 619 3055 Viris,
636 2958 866 3061 summisque
874 2962 959 3040 Me·

92 3072 180 3150 dicis
195 3075 459 3165 innotesceret,
481 3073 591 3173 quod
610 3092 710 3154 certe
732 3068 960 3153 fundamen·

94 3203 169 3265 turn
193 3190 286 3278 suit,
304 3210 383 3287 quo
400 3187 521 3287 polica
540 3186 669 3289 gloriae
694 3190 837 3267 meritis
853 3188 889 3263 δι
905 3187 960 3267 fa·

44 3358 49 3367 .
96 3300 152 3377 ma
170 3320 279 3401 parta
299 3298 527 3379 inaedificavit
552 3299 773 3393 aedificium,
801 3324 958 3380 eumer

96 3438 140 3496 eo
155 3434 323 3521 tempore
336 3438 426 3515 curn
450 3414 743 3519 prastanriffimis
759 3418 960 3525 Vicissim-

818 3531 958 3607 rariuor
1042 3612 1061 3623 ,
