2267 3850
88 178 1026 347 Q
1102 242 1105 249 ’

89 364 248 445 armo
273 358 487 459 disputanda
512 356 583 435 ιιιο
608 357 786 439 truciore
811 360 1005 447 atteretur
1066 354 1067 359 '

97 498 260 581 genere
298 472 536 573 dialogorum
584 488 753 553 veterum
792 475 1012 561 scholarum.
1097 582 1100 587 Ι

11 657 16 668 .
98 612 231 670 more
246 583 468 687 scripsimus,
492 598 608 685 quam
625 583 891 690 fludio-gloria
906 593 998 675 Deir

94 726 240 804 neque
249 703 434 799 utcuique
443 698 580 779 vellem
591 699 841 782 necessitatem
855 702 1002 803 afferte,

32 805 38 907 s
96 840 155 897 ea
171 814 343 906 tenendi,
361 811 421 892 sed
439 831 481 893 ut
494 836 596 891 meas
611 816 860 915 cogitationes
878 822 1003 903 erudi·

93 935 164 1009 iris
179 932 219 1005 ἂ
236 930 304 1028 piis
317 925 552 1030 Ecelelizque
563 927 698 1005 Cbtilli
715 952 759 1012 ex
772 927 906 1011 divinis
919 958 1003 1015 ota.

74 1044 79 1049 ’
100 1044 217 1124 culis
230 1040 505 1143 cognoscendas
520 1062 785 1143 proponerem.
821 1044 873 1121 Ut
888 1048 1002 1149 igitur

103 1156 306 1261 proposui,
321 1153 371 1234 lic
386 1157 583 1256 accipiatis,
603 1174 718 1255 rogor
745 1156 799 1261 ita
820 1158 911 1236 nihil
930 1163 1005 1241 etit

105 1287 214 1373 opus
229 1268 369 1373 iugula
377 1269 491 1348 verba
499 1284 688 1365 excutere,
697 1270 1002 1368 quaecontrovet-

102 1383 184 1463 fias
200 1388 354 1485 gignere
369 1380 510 1471 solent,
532 1401 622 1458 eum
636 1380 685 1457 de
703 1403 790 1460 mea
807 1384 1003 1467 voluntate

104 1497 261 1575 constet
279 1510 322 1572 ae
338 1492 539 1583 sententiat
566 1514 650 1591 quat
664 1491 809 1596 semper
832 1498 872 1573 in
890 1502 1002 1581 omni

113 1610 257 1706 scripto
277 1602 501 1683 attendenda
524 1600 594 1699 eil,
618 1609 945 1706 quemadmodum
964 1617 1004 1693 ιι

114 1718 406 1821 legumlatotes
421 1660 603 1823 &JCtib’r
620 1736 784 1802 oratores
792 1714 1003 1807 voluerunt

12 1817 19 1829 ’
113 1834 221 1915 iiiuc
245 1831 309 1912 illa
332 1831 516 1935 preclara:
552 1833 752 1937 benignius
766 1836 896 1940 leges
884 1854 1001 1920 tuter·

114 1947 314 2052 pretendas-
326 1945 416 2035 effe,
429 1969 509 2078 quo
523 1947 695 2028 voluu'ras
712 1969 843 2030 earum
856 1955 1003 2035 rnuser

19 2132 23 2137 .
114 2082 234 2144 vetut.
287 2061 380 2141 No'n
396 2063 685 2142 enimesvetbis
698 2081 825 2144 totum
839 2067 1000 2168 pendere

3 2215 9 2227 .
115 2201 174 2288 pus
197 2171 391 2278 aquiliimi
416 2176 590 2255 homiues
617 2161 893 2276 exilliur'titunt,
924 2181 1000 2265 Γιιι

9 2372 20 2391 ..
116 2291 231 2372 verba
247 2287 378 2370 servite
395 2288 595 2368 hominum
611 2290 771 2372 confiliis
788 2297 825 2374 δι
841 2237 1000 2380 austori-
1070 2392 1073 2404 ,

115 2403 278 2496 tatibus3
304 2422 428 2502 neque
444 2403 648 2501 quiequam
664 2416 759 2505 tipus
775 2406 846 2487 elie
862 2410 998 2508 verbis,
1111 2457 1116 2466 ·

102 2537 208 2595 -cuut
224 2536 268 2592 ea
284 2535 362 2605 tes,
387 2515 488 2606 cujus
501 2510 608 2592 causi
623 2516 736 2610 verba
752 2519 894 2619 quafita
908 2521 998 2620 stur,

116 2616 370 2729 intelligatur.
414 2627 503 2704 Haee
527 2621 552 2702 fi
578 2605 732 2724 speciata
753 2635 801 2709 ab
827 2655 901 2735 eo,
928 2641 998 2740 qui

117 2741 216 2822 hauc
230 2741 323 2818 mihi
340 2737 515 2818 conflavit
529 2739 718 2835 iuvidiam,
734 2744 894 2841 fuiffent,'
915 2773 997 2832 nott
1109 2799 1117 2839 ι

115 2855 382 2935 laboraremus.
439 2831 565 2933 Vestri
581 2869 707 2934 tamen
731 2857 906 2940 omniunt
926 2861 997 2944 Γιι·Ι

118 2970 235 3072 gulari
253 2960 444 3079 prudentii
461 2966 714 3068 charitateque
733 2971 869 3076 fretus
892 2976 998 3078 {petri

118 3105 185 3162 me
218 3105 345 3162 meam
388 3078 702 3162 existimationem
746 3105 996 3175 retenturum.
1072 3069 1093 3106 ⁴

119 3181 278 3324 Quum
267 3190 379 3296 tgi'tut
395 3194 513 3293 scripti
534 3197 714 3292 cujusque
730 3222 838 3280 mens
858 3226 909 3280 ac
917 3204 998 3283 iett-

113 3310 235 3388 ·teutia
254 3331 277 3385 a
293 3308 400 3385 nullo
415 3308 552 3385 'melius
577 3311 755 3413 intelligi,
781 3337 898 3410 quam
915 3317 996 3396 scri·

118 3424 235 3535 proris
246 3421 489 3528 explicatione
502 3418 665 3528 polilt,
646 3439 731 3532 ιιιι·
752 3429 861 3512 tobis
880 3430 941 3618 dle
945 3453 996 3510 eo

815 3565 820 3573 ·
920 3564 995 3622 nco
