2267 3850
244 162 554 256 ud'Acadeniam
573 158 841 287 Tubngenftm.
899 174 996 287 631.

187 342 417 443 Magnopere
441 342 564 444 probo
589 338 785 421 confilium
812 333 982 419 Vessrum

95 448 151 533 de
167 449 386 533 accersendo
394 458 583 550 Matthia„
616 456 770 535 Natu&
785 472 984 531 ornamen·
1025 502 1033 509 -

96 582 146 643 to
168 572 337 649 marimo
358 567 530 649 futurum
551 568 662 649 tobis
687 562 757 647 effe
779 568 920 667 statuo,
943 566 982 643 dr
1090 634 1097 646 .

96 684 183 769 ojur'
199 704 313 780 opera
329 685 375 761 ad
392 685 600 769 excitanda,
616 682 849 781 jurandaque
866 681 982 761 ssudia

95 792 214 885 (Deo
230 798 364 895 dante)
387 799 592 898 plurimum
614 797 757 875 adferet
780 796 986 881 momenti,

67 905 70 909 ’
92 905 260 985 Tantam
278 913 435 991 enimin
453 933 609 1011 utraque
623 910 771 1009 lingua,
796 908 981 986 Latina&

92 1018 227 1103 Graeca
248 1024 461 1119 facultatem
475 1027 588 1103 habet
607 1022 805 1115 scribendi,
823 1039 864 1098 ut
883 1022 983 1100 solu·
1027 1118 1036 1134 μ

96 1151 180 1213 tarn
197 1142 435 1231 orationem,
459 1142 496 1214 dr
515 1158 667 1216 carmen
684 1134 722 1213 in
737 1154 895 1235 utraque
910 1135 980 1211 lin·

96 1267 186 1347 gna,
204 1274 342 1351 magna
358 1252 558 1337 felicitate,
585 1250 714 1350 copia,
736 1250 772 1325 dr
790 1245 981 1349 splendore

95 1382 321 1465 componat
375 1366 503 1441 Extant
534 1365 613 1455 ejus
636 1362 807 1461 quadam
838 1382 982 1460 monu-¹

98 1494 252 1571 menta,
276 1499 357 1575 quae
380 1476 572 1565 testantur,
597 1498 687 1553 eum
706 1478 742 1552 dt
764 1476 897 1553 eximia
912 1472 980 1551 do-

80 1585 216 1669 ·fltina
232 1590 458 1684 expolitum,
489 1592 526 1665 ἃ
547 1586 724 1691 singulari
739 1590 906 1667 ubertate
922 1588 981 1664 in·
1067 1670 1070 1677 ,

100 1702 205 1799 genii
221 1700 415 1799 praedirum
432 1702 521 1786 effe:
545 1702 614 1795 Etfi
630 1721 780 1805 propter
794 1699 983 1779 familiari·

98 1828 215 1890 tutem
233 1814 393 1895 nostram
411 1820 505 1895 mihi
522 1820 601 1909 ejus
617 1816 730 1901 studia
749 1814 876 1895 multis
890 1812 979 1915 iilu-

97 1920 228 2006 iitibtrr
241 1931 421 2029 eretnplit
437 1937 589 2034 cognita
605 1931 698 2010 sunt.

177 2044 238 2120 Ad
262 2043 357 2135 hanc
377 2049 538 2148 ingenii,
563 2048 602 2122 dt
625 2045 798 2126 nentina
822 2039 974 2120 laudem
1045 2125 1050 2138 ,
1109 2063 1115 2140 ,3

96 2151 257 2264 adiunxit
276 2148 404 2238 utores
418 2161 551 2260 plenos
564 2156 701 2250 officii,
716 2155 979 2245 modestiae‚&
1112 2185 1115 2227 t

98 2263 288 2361 suavitatis,
300 2273 337 2347 dr
355 2275 600 2369 prudentiam,
618 2296 698 2352 non
713 2263 837 2349 solinu
851 2271 892 2346 in
908 2291 977 2348 cae·
1113 2285 1114 2306 ¹

99 2382 186 2457 terit
202 2385 285 2459 vitae
303 2387 485 2482 partibus,
511 2384 575 2464 sed
595 2380 719 2464 tnultd
735 2386 853 2488 magis
869 2385 910 2460 in
928 2381 976 2460 ii·
1022 2479 1027 2488 ,

102 2496 194 2578 terit,
210 2513 324 2594 atque
339 2500 476 2578 artibus
491 2497 740 2577 neceffatiatn.

181 2607 247 2686 Etss
270 2611 375 2687 enirn
400 2615 581 2711 precipue
607 2611 811 2690 elaboravit
831 2609 872 2688 in
889 2608 990 2686 ΕΙο-’

103 2725 255 2819 quentiae
275 2721 417 2802 tudun
456 2743 583 2802 tamen
607 2725 645 2802 dt
669 2721 910 2821 Philosophiae
938 2719 976 2800 se
1063 2775 1069 2793 .

105 2833 259 2922 dedidit,
275 2859 319 2915 ac
334 2838 479 2938 prorsus
495 2840 542 2917 ab
561 2839 636 2917 illis
648 2839 782 2937 ineptis
799 2835 977 2927 dissentit,

106 2953 165 3044 qni
176 2973 303 3028 rerum
321 2951 531 3032 doiitinarn
548 2950 569 3028 a
586 2951 734 3032 dicendi
749 2953 979 3036 ratione,na·

110 3076 181 3137 tura
195 3065 429 3164 copulatam,
456 3066 756 3165 &toniuniirtn
781 3063 974 3145 divellunt.

112 3167 235 3275 Magna
251 3173 465 3260 dexteritate
482 3173 552 3258 hir
566 3181 714 3281 publice
730 3180 874 3278 aliquot
895 3178 977 3256 Ati·

113 3281 237 3366 iintelir
253 3288 369 3368 libror
382 3295 577 3378 enarravit,
589 3298 639 3373 ita
649 3286 979 3396 utingeniofiffinri

114 3403 238 3503 quique
255 3408 451 3488 neminen
463 3407 632 3488 audirent
651 3409 840 3494 libentius.

511 3523 609 3616 ⁸⁸4
785 3533 793 3546 ·
850 3519 982 3626 Quare
