2267 3850
171 199 233 276 20
452 197 454 204 ’
532 177 703 303 Bingium

142 359 143 366 '
176 352 430 454 insctipsetunt
447 353 602 428 nomina
627 345 765 428 Medici
789 349 1066 451 famigeratio

180 469 250 545 mi.
314 465 369 541 Ut
386 465 509 548 enim,
529 461 577 540 de
605 484 678 561 qua
697 464 832 553 toties,
858 485 1065 563 nunquam

171 599 307 658 ttamen
326 578 406 656 satis
425 577 659 654 mentionem
678 571 858 665 fecimus,¹
874 578 1065 655 eruditio·

178 695 239 770 nis
254 689 488 790 praestantiam
500 706 686 778 taceam,
728 687 937 765 eratineo
966 693 1064 768 mita

172 798 388 884 comitas&
406 799 560 892 facilitas
577 823 667 876 cum
682 795 826 876 summa
844 801 1064 882 humanita

109 912 111 916 ’
178 938 217 996 te
235 917 449 1008 conjuncta,
466 937 547 1012 quae
571 935 649 990 non
676 934 853 1013 pauperes
872 915 1003 992 modo
1028 919 1064 993 dc
1095 937 1099 1022 t

178 1033 359 1110 tenuioris
391 1027 621 1119 conditionis
653 1026 826 1104 homiues
857 1025 880 1102 d
909 1025 1062 1108 fotibus

178 1147 257 1244 ejus
273 1144 309 1217 dc
325 1141 456 1218 museo
478 1161 555 1218 nott
572 1139 740 1236 arcebat,
764 1143 889 1218 immo
916 1143 1062 1222 aedibus

178 1257 306 1360 pocius
323 1254 483 1356 ipsorum
500 1274 589 1331 eum
605 1252 886 1348 introducebat,
903 1246 969 1334 sed
979 1254 1062 1357 que

177 1369 435 1472 aegtotantiutn
451 1389 604 1468 quoque
623 1384 768 1444 mentes
784 1367 879 1444 mite
904 1368 1062 1447 refocil-

133 1487 137 1496 '
159 1494 160 1502 ‘
180 1485 298 1574 labat,
317 1482 486 1560 animu'm
502 1481 539 1558 dc
555 1475 730 1565 fiduciam
749 1479 835 1556 sane
858 1481 1060 1582 ingentem

71 1686 75 1695 ¹
130 1643 132 1654 ·
167 1585 238 1674 'eis
256 1588 447 1684 excitabat,
463 1595 499 1670 &
515 1612 661 1671 tantum
682 1593 718 1670 ei
736 1612 906 1705 amorem
925 1595 1061 1672 couci·

136 1775 138 1782 ,
182 1709 321 1797 flabat,
346 1727 387 1784 ut
405 1709 469 1806 qui
488 1705 611 1809 semel,
625 1709 759 1785 Virum
780 1705 1058 1805 incomparabi-

179 1819 258 1899 lem
275 1818 460 1914 adiissent,
478 1818 538 1898 vel
554 1815 804 1908 confilio'eius
820 1819 968 1896 fuissent
989 1819 1056 1917 usi,

177 1932 1055 2029 necmeliorem3nechumaniorem‚necjucun

179 2049 328 2124 diotem
340 2038 550 2141 exoptarent
567 2066 732 2145 unquam
750 2046 953 2152 Medicum.
993 2046 1055 2125 Ad

89 2178 93 2187 ‘
178 2159 258 2239 haec
288 2156 511 2235 accedebant
536 2159 607 2235 alia
632 2162 745 2237 etiam
768 2194 789 2238 ε’
822 2162 862 2237 in
890 2160 1056 2239 sanandis

50 2304 51 2309 Ν
178 2267 325 2351 motbis
349 2274 467 2359 etiamw
496 2261 798 2371 desperatissimis¹
817 2275 1052 2376 providentia

150 2404 153 2411 ·
180 2387 340 2484 summa,
349 2383 848 2480 certitudinisusecuritnis,
864 2410 956 2485 quas
973 2388 1052 2481 eius
1098 2465 1099 2486 ᾖ

164 2490 1051 2602 'medendiratiopromittebat,foecundamater,
1098 2497 1099 2512 '

177 2614 382 2693 methodus
403 2614 556 2715 plana&
573 2614 691 2691 facilis
708 2670 721 2709 ‚
764 2616 800 2689 dc
816 2615 862 2693 ad
879 2617 1054 2691 minuen-

49 2732 50 2739 ‘
177 2726 248 2805 dos
276 2745 545 2829 quantumpote
563 2728 729 2815 sumtus,
760 2731 827 2827 qui
852 2729 954 2803 haud
970 2718 1051 2804 r‘aeo

179 2838 347 2919 insanum
366 2844 494 2937 quanti
519 2838 676 2916 faciendi
697 2838 775 2916 sunt
800 2843 842 2917 in
869 2842 1051 2918 valetudi-

180 2952 270 3031 nem
289 2950 545 3037 restituendam
556 3002 566 3035 ,
570 2957 738 3049 apprime
756 2955 1050 3055 aptadoeompo·

83 3154 85 3161 J
177 3064 265 3158 fita,
281 3064 449 3145 indefessa
465 3068 505 3140 in
521 3062 704 3140 visitandis
721 3070 823 3167 aegeis
838 3069 1050 3167 diligentia,

90 3197 92 3213 ’
176 3203 293 3279 quam
311 3202 380 3254 nec
397 3178 502 3255 senex
519 3180 728 3254 admodum
747 3236 759 3267 ,
800 3176 870 3255 nec
896 3182 1051 3257 summis

176 3290 383 3369 honoribus
402 3290 526 3367 nucius
535 3289 698 3387 unquam
714 3292 1051 3389 deposuituquod

38 3406 63 3501 J
174 3407 216 3485 in
240 3406 387 3487 Medico
410 3404 506 3483 intct
528 3425 664 3508 primas
687 3406 841 3513 uirtutes
865 3414 1051 3506 seponen-

959 3518 1049 3599 dum
1089 3512 1094 3527 ’
