2267 3850
106 201 109 213 ·
272 229 279 238 ,
340 141 512 259 586
528 139 1077 236 10.Ge.Fr1·ck1·1·
1090 138 1403 261 Obstru.
1422 0 2218 241 delaMoron-m-

336 307 899 409 „Demumque
924 305 1371 406 Principatus
1399 306 1506 384 sui
1526 306 2161 390 Mediolanenfis

335 463 389 511 „
406 420 1003 518 procurationem
1023 419 1560 498 tantummodo
1580 420 1648 499 se
1667 420 1955 499 habere
1974 426 2156 501 exi-

336 578 388 626 „
406 532 674 629 stimat,
692 537 808 611 ius
834 555 1017 613 vero
1051 554 1129 614 et
1163 537 1569 634 imperium
1604 557 1828 634 penes
1847 539 2145 615 Tuam

329 694 382 741 ‚,
406 647 995 741 Beatitudinem,
1065 648 1538 749 sauciamque
1601 652 1793 727 hanc
1845 649 2139 727 sedem

327 761 615 859 „fore
650 763 1107 864 arbitrioque
1143 764 1408 843 Vestro
1440 763 1758 865 pendere
1795 762 2136 863 profire-

330 892 627 973 ,.„rur
528 929 627 974 .„
732 879 949 979 Qiae
980 879 1241 956 vltima
1268 878 1689 979 praesertim
1731 879 1968 957 verba
2007 879 2131 955 di·

329 1012 477 1092 gna
538 993 766 1082 mihi,
834 1014 1027 1091 quae
1077 1011 1601 1084 enotarentur,
1665 991 1814 1070 visa
1862 992 2122 1072 fuere.

328 1105 595 1186 Incitat
619 1106 892 1183 deinde
920 1108 1260 1184 Leonem
1297 1110 1374 1182 in
1407 1129 1573 1207 εοε,
1592 1111 1723 1207 qui
1755 1108 2118 1205 quierem

337 1238 418 1297 et
450 1220 894 1321 dignitatem
921 1221 1172 1299 ltaliae
1203 1220 1704 1316 abstulerunt,
1753 1240 2120 1317 eumque
2152 1212 2160 1218 ’

328 1334 778 1432 obtestatur,
836 1337 1051 1414 vt'in.
1087 1334 1262 1412 illos
1306 1331 1707 1434 vrrumfiue
1757 1333 2112 1435 gladium

331 1469 695 1529 exerceat.
802 1450 960 1528 Sub
1001 1446 1235 1527 finem
1273 1448 1528 1526 hocin
1559 1450 1902 1526 Oratoris
1936 1448 2112 1526 lau·

328 1560 510 1641 dem
543 1563 914 1643 adieaum
948 1562 1051 1641 est
1083 1567 1544 1666 epigramma
1563 1583 1591 1641 z

369 1746 382 1758 ¹
440 1759 627 1841 Non
670 1760 918 1839 solum
958 1756 1186 1851 dicit,
1255 1781 1418 1835 non
1447 1777 1660 1853 orat,
1711 1756 1836 1836 sed
1886 1774 2104 1835 tonat

1203 1895 1340 1952 ore

544 1984 977 2078 fulminem
1008 1989 1360 2066 euincens
1385 1986 1613 2067 obuia
1645 1986 1906 2065 cuncta
1948 1983 2086 2064 do·

1165 2118 1326 2180 mat

435 2209 781 2293 Districsto
808 2236 1174 2295 mucrone
1218 2214 1397 2306 acri,
1425 2232 1530 2309 vt,
1572 2237 1752 2294 cum
1795 2213 2090 2292 credere

1163 2320 1369 2406 nolir‘

545 2442 893 2537 Auditor,
933 2442 1207 2523 fafitam
1244 2444 1503 2520 sentiat
1519 2437 1658 2520 effe
1686 2436 1917 2519 fidem
1952 2444 2086 2524 ὅτε.

1818 3507 1936 3586 lv.
1965 3504 2073 3584 Ad
2173 3562 2181 3575 .
