2267 3850
169 78 172 90 ‘
234 150 381 246 Adia
364 184 402 242 nt
419 146 756 259 dernnsladt'um
844 151 932 262 481
1048 94 1056 103 ἱ

56 312 163 401 aunt
171 312 219 393 ab
237 314 417 413 Epicuro,
445 316 580 413 partim
601 309 888 415 aquinusdam
877 333 937 389 tn·

55 424 253 519 citissimis
267 428 477 507 Germania
494 426 658 527 partibus
672 426 746 525 ipse
767 422 979 525 collegit.

55 548 103 627 id
126 538 310 671 singulare
327 543 409 619 vitae
426 562 543 642 genus
560 536 668 639 ipsine
684 538 760 617 hcc
778 561 865 617 mea
881 537 938 617 fe·

54 663 161 739 iinat
175 658 318 747 oratio,
348 656 386 731 in
411 672 484 753 qua
500 653 591 731 mihi
609 653 747 731 modiis
763 644 940 731 adhiberi·
1048 650 1054 655 ’

54 768 207 866 incest,
235 766 459 866 iitidiimque
467 767 598 843 omnia
605 764 851 867 persequenda
858 812 872 853 ‚
888 787 939 845 ne

54 911 83 965 ιι
102 882 180 961 hac*
190 900 268 959 tam
277 884 441 989 ingenti,
469 902 551 981 quae
569 880 643 958 sese
660 876 804 964 offert,
828 878 941 958 ubet·
1000 962 1005 972 ,

52 1018 125 1079 :ate
146 994 297 1073 dicendi
321 1050 332 1086 ,
360 1016 465 1085 aures
483 992 617 1072 vestras
631 992 797 1083 diutins,
822 1014 941 1093 quam

52 1136 111 1217 rac
128 1108 204 1193 est,
232 1110 431 1187 detineam.
463 1107 678 1185 Parentibus
692 1125 798 1185 ottus
811 1104 943 1187 estnbn

51 1220 292 1309 scutiffimit,
320 1222 515 1323 pueritiam
539 1222 581 1297 in
612 1218 773 1322 egestate
798 1220 944 1299 summa
1080 1292 1086 1299 .

51 1336 251 1437 transegit,
277 1331 562 1415 adulescentiam
579 1334 768 1424 initalia,
792 1334 854 1411 sen
878 1355 945 1431 pn·

50 1455 131 1531 tius
158 1453 260 1527 inea
285 1467 384 1549 parte
400 1448 546 1533 Italia,
579 1469 660 1545 qne
685 1468 821 1547 magna
845 1448 966 1525 olim·
1035 1492 1040 1497 -

50 1566 200 1645 Graecia
214 1560 404 1662 dicebatur
434 1593 443 1636 :
468 1560 560 1639 Hoc
577 1560 691 1638 Brutii
708 1560 827 1639 sciunt
839 1560 947 1650 Cale·

49 1678 216 1775 brique,
244 1672 444 1751 sciunthnc
460 1696 596 1751 omnes
611 1673 691 1751 sere
706 1674 840 1766 Siculi,
865 1673 947 1773 qni·

52 1794 222 1871 nuscum
246 1786 392 1865 summa
408 1784 479 1863 suit
503 1786 558 1879 iili
574 1786 833 1869 consuetudo.¹
873 1786 947 1867 Hic

54 1927 152 1988 vos,
179 1900 356 2010 Judices,
381 1920 450 2001 pto
465 1902 629 2002 ingenti,
656 1925 772 2002 quem
782 1880 949 1994 habetis,

54 2039 186 2102 tetum
203 2005 291 2108 usu,'
318 2035 469 2092 motum
493 2061 505 2099 ‚
533 2020 732 2117 gentium,
758 2038 802 2096 ac
822 2017 950 2117 tegio·

58 2153 157 2212 num
177 2131 342 2230 petitia,
376 2129 581 2206 meminisse
609 2125 801 2231 poteiiisx,¹¹
831 2149 950 2230 quam

59 2242 198 2326 effreni
216 2243 255 2318 in
281 2264 402 2322 mares
429 2243 647 2350 prasertim,
675 2244 838 2322 ferantur
865 2242 952 2320 libi·

62 2359 157 2438 dene
168 2357 282 2432 Brutti
300 2341 535 2454 Calabriqne
590 2357 955 2457 Ovimtempntnnt,

69 2475 137 2572 qui
155 2469 250 2552 oiim
267 2466 375 2544 Italia
392 2470 638 2568 pnpulibonis
654 2468 953 2548 attibusacdisci-
1030 2533 1033 2543 ,

70 2582 184 2686 plinis
206 2579 442 2658 celebettimi
461 2581 605 2680 semper
630 2582 746 2660 habiti
769 2583 878 2660 Iunt-
905 2568 955 2661 ad

74 2719 195 2796 quos,
219 2691 400 2790 famaest,
427 2693 617 2771 Socratem
644 2691 848 2787 accessisse,
886 2718 954 2774 au·

73 2809 201 2887 diendi
240 2809 449 2910 Pythagora
479 2803 782 2916 cupidissimum·
822 2831 957 2889 eorum

74 2921 246 3024 piaeriqtte
263 2945 364 3000 nunc
375 2917 802 3002 thaecishnneiiisstmis
816 2922 958 3004 institn-

78 3040 127 3112 tis
144 3057 185 3110 ac
204 3019 371 3112 motibus
386 3036 468 3112 duo
483 3055 658 3120 tantum,
685 3058 805 3136 eaque
825 3041 960 3137 turpia·

55 3219 59 3226 .
78 3142 168 3226 sima
186 3145 423 3246 profitentur,
453 3149 960 3251 matesamorepetditiistmo

66 3259 362 3360 prosequendi,
396 3265 499 3360 quod
529 3262 747 3374 Graecorum
772 3265 851 3342 fcte
876 3287 962 3364 pto·
1030 3339 1033 3344 .

79 3377 204 3477 prium
222 3377 359 3468 extitit,
381 3398 425 3454 at
432 3397 614 3480 perpetuo
622 3380 840 3458 mentiendi.
855 3379 964 3456 Con·

871 3491 965 3575 dant
