2267 3850
95 223 101 236 ·
161 191 195 287 4
493 173 666 294 Elogr'tlm

164 373 244 450 quo
259 354 343 450 qnis
366 349 457 450 loco
476 351 515 426 in
532 350 656 427 lucem
680 348 832 445 edatur,
859 373 907 428 an
933 357 968 430 is
990 355 1061 431 rei

165 466 330 544 literaria
346 461 523 564 augendae
537 481 663 562 aptus,
687 463 725 539 ὅ(
740 463 786 541 ad
802 485 1058 562 promoven·

167 579 214 656 da
239 576 459 655 eruditionis
495 571 614 654 studia
639 575 825 687 irionem,
847 579 1056 671 ejusmodi

70 684 72 689 ’
166 688 324 772 lrbsldia
347 687 614 782 subministret,
636 688 785 789 ‘quibus
800 687 855 787 adt
866 688 1056 770 summos

103 865 108 886 .
165 803 388 886 cruditionis
430 803 562 903 gradus
587 805 797 903 pertingere
829 803 961 882 liceat:
994 827 1054 884 an

168 942 242 998 nec
268 918 346 994 loci
370 915 532 1016 angustia
556 917 679 994 animi.
696 918 882 1016 impetum
917 915 1049 995 suffla-

169 1035 294 1122 minct
311 1087 324 1123 ‚
374 1051 445 1107 nec
461 1027 694 1106 eruditorum
711 1030 880 1106 virorum
907 1031 1047 1131 inopia

126 1147 132 1158 '
168 1144 441 1224 institutionem
458 1143 649 1241 impediat,
664 1164 735 1219 nec
751 1143 938 1236 majorum
948 1167 1047 1243 prae·

167 1258 300 1354 judicia
317 1259 427 1335 bonis
450 1256 590 1337 artibus
607 1255 749 1341 obstet,
773 1277 845 1332 nec
871 1259 919 1332 acl
942 1261 1047 1337 inci.

156 1371 325 1450 tandum
352 1369 399 1448 ad
424 1366 576 1448 honesta
605 1370 742 1468 quavis
761 1368 930 1446 audenda
957 1372 1046 1448 ani·

169 1507 282 1564 mum
298 1482 468 1584 exempla
492 1479 692 1574 deficiant3
718 1484 757 1560 in
778 1483 833 1560 his
856 1483 1047 1560 omnibus

168 1597 258 1676 felix
284 1593 487 1675 censendus
511 1595 563 1674 est
597 1593 1045 1674 SCHROECKIVS.

168 1713 270 1790 Narn
294 1709 554 1812 &Augustum
578 1708 680 1786 urbis
696 1705 948 1808 antiqniffimae
972 1707 1047 1788 de·

59 1905 65 1912 ,
168 1847 233 1904 cur
253 1822 375 1903 Nostri
392 1825 589 1923 ingenium
615 1819 849 1918 excitaviffe,
884 1824 921 1898 &
936 1823 1044 1900 viro-

171 1962 257 2017 rum
279 1934 609 2017 cruditiffimorurn
640 1937 908 2022 abundantiam
940 1937 1041 2015 illud

74 2095 77 2114 ι
169 2054 216 2131 ad
230 2047 844 2148 excellentillrmampetfestionem
853 2048 1043 2145 formasse,

171 2168 207 2244 ἃ
224 2186 419 2266 parentum
438 2182 551 2262 atque
567 2163 753 2255 Malorum
769 2161 930 2241 instituta
957 2166 1039 2257 ejus

172 2278 344 2359 ardorem
362 2275 506 2367 aluille,
529 2276 566 2351 ἀ
582 2298 741 2354 omnem
761 2276 909 2355 laudern
935 2277 1038 2354 erstr·

172 2396 336 2496 petarltia
350 2391 516 2492 exempla
529 2389 648 2467 calcar
664 2392 824 2469 currenti
849 2387 1035 2483 addidisse,

116 2589 117 2597 Ν
171 2528 289 2585 nemo
314 2500 529 2606 negaverit,
559 2504 627 2604 qui
646 2504 894 2607 augustanam
914 2505 1036 2582 litera·

69 2684 73 2692 .
170 2621 264 2695 riam
291 2617 480 2697 historiam
506 2642 586 2695 non
613 2620 759 2719 ignorat
784 2639 872 2695 curn
890 2615 1035 2717 ignatis·

171 2726 283 2805 simis.
338 2730 487 2809 Scilicet
510 2732 704 2829 pulchrum
724 2731 955 2808 &decorum
968 2752 1033 2827 prr·

173 2840 275 2917 tabat
310 2838 383 2934 ipse
402 2844 470 2917 Vir
487 2844 696 2933 Summus,
727 2846 766 2919 in
789 2844 923 2920 eadem
940 2841 1032 2920 urbe

170 2951 390 3029 eruditionis
405 2951 561 3027 stadium
579 2956 853 3033 decurrendum
871 2954 1034 3054 suscepis-

172 3065 233 3163 se‚'
248 3068 287 3141 in
304 3086 354 3139 eo
370 3062 517 3139 theatro
533 3068 671 3144 medici
688 3070 884 3167 personam
901 3066 1031 3145 induis·

170 3178 220 3271 se,
237 3182 277 3256 in
294 3200 373 3275 quo
391 3196 450 3253 tot
465 3177 701 3257 celeberrimi
715 3187 884 3261 nominis
898 3182 1030 3259 medici

170 3310 310 3370 tantam
322 3288 386 3365 sibi
395 3292 552 3367 honoris
564 3297 806 3393 nominisque
817 3298 957 3373 famam
971 3318 1031 3392 pc·

31 3484 35 3491 .
169 3394 370 3505 pererunt,
404 3406 442 3483 or
466 3406 763 3489 inmortalitatis
783 3407 891 3489 simul
921 3411 1030 3486 cedro

916 3519 1031 3601 inscri-

706 3741 714 3832 l
