2267 3850
104 182 258 283 ru:
466 160 755 279 utun*
1067 301 1074 311 ,

149 338 323 433 inanibus
344 334 682 437 Disputationibnr,
726 336 864 436 quibus
890 334 1069 417 Eruditi'

124 450 128 457 ’
151 450 285 532 misere
298 468 444 549 tempus
460 467 582 529 terunt
603 446 915 551 pretiostffimnm‚
938 448 1044 551 post·

124 562 309 652 xdiribitis,
325 563 365 643 in
376 562 416 641 id
432 584 569 641 ornnes
586 565 834 655 eniterentur,
852 582 895 642 ut
910 563 958 641 de
976 586 1041 641 te-

58 754 61 759 .
98 683 105 695 '
151 676 222 757 bur
243 672 585 755 momentoiiffirnis
604 675 779 778 persuafi,
810 676 939 755 virtuti
968 696 1040 778 per
1126 708 1130 715 ⁴

60 850 66 866 ,
151 814 312 873 omnem
328 790 442 869 vitam
466 808 646 869 vacarent.
703 791 778 869 TU
795 792 836 868 in
859 786 1040 869 altiffimo

9 919 10 926 ‘
117 908 239 987 otio
272 902 502 1005 inquirendo
535 903 710 983 Veritatis
742 900 862 985 iiudio
904 924 1041 999 vacas,-

8 1039 11 1090 ῑ
151 1022 204 1101 ita
215 1038 367 1109 tamnu,
389 1034 453 1109 ut,
477 1016 584 1117 quod
595 1013 890 1110 difficillimum,
914 1019 956 1095 in
973 1018 1040 1095 Sa-
1129 1074 1130 1109 ,

9 1119 20 1219 ’.
150 1133 296 1238 pientia
317 1130 480 1211 modurn
507 1144 644 1209 teneas.
698 1130 771 1207 TU
794 1132 940 1213 inmmt
958 1152 1039 1233 ope

152 1248 291 1339 niteris,
304 1262 347 1323 ut
362 1265 427 1344 per
440 1246 596 1323 Virtutis
611 1244 833 1323 acerrimum
847 1243 1039 1339 Studium,
1129 1282 1130 1338 ;

152 1363 236 1441 ritis
268 1357 425 1462 pnffibus
449 1356 497 1436 ad
524 1357 672 1437 beatam
704 1358 1037 1440 immortalitatem
1129 1414 1130 1422 t

8 1533 9 1544 t
152 1472 346 1579 graisetir3
399 1470 487 1550 Hoc
510 1472 725 1573 negotium
762 1474 921 1567 Tuum,
960 1472 1038 1550 hoe

153 1591 294 1683 otium,
311 1584 374 1665 hic
390 1585 499 1663 labor
512 1584 634 1673 Tuus,
649 1584 726 1664 hec
739 1586 858 1686 quies.
916 1588 959 1665 In
979 1586 1038 1663 his

14 1730 23 1743 ’
153 1704 323 1809 vigilium
356 1702 508 1789 Tuam,
537 1700 579 1780 in
615 1698 820 1778 iniseriam
857 1696 1038 1783 somnum

153 1818 318 1920 reponit.
375 1812 624 1917 Merito-ergo
642 1812 1035 1907 miraberis,eriiiietm

155 1932 251 2009 hanc
261 1925 584 2032 Disputationem,
600 1929 637 2006 dt
653 1953 778 2010 rerum
795 1929 979 2028 pondere,
996 1929 1036 2006 dt

154 2041 233 2146 ssyli
248 2046 371 2122 nitore
390 2039 621 2137 destitutam,
648 2043 747 2124 TIBI
761 2039 899 2141 offerri.
954 2045 1035 2144 Ego

88 2189 102 2202 ²
156 2177 272 2254 reto,
297 2158 353 2234 nri
373 2145 564 2271 Zieglere,
582 2160 646 2238 TE
662 2157 797 2247 itudo,
818 2177 931 2260 atque
948 2155 1038 2235 bea·
1082 2185 1088 2198 *

156 2275 247 2358 tuni
274 2267 464 2372 predico,
495 2271 580 2350 imo
605 2274 703 2359 inter
737 2264 1036 2376 Emineniiffimas

157 2368 258 2468 Tuas
283 2373 341 2470 V
337 2379 470 2466 iritries
493 2384 637 2481 refero,
663 2389 767 2490 quod
801 2411 886 2486 vern
909 2405 1036 2464 retum

156 2498 272 2602 pretia
285 2500 396 2580 noris.
449 2500 589 2601 Neque
611 2504 714 2582 enim
730 2523 826 2604 ego,
849 2503 892 2579 ut
909 2499 1037 2594 multi,

6 2602 7 2621 ¹
156 2609 311 2692 invideo
325 2611 405 2692 aliis
421 2605 591 2705 bonum,
616 2637 697 2716 quo
719 2615 793 2718 ipse
815 2637 945 2700 careo,
973 2609 1036 2692 sed

156 2744 288 2804 eontra
312 2725 456 2805 sensum
480 2728 694 2828 quendam,
727 2729 1034 2830 voluptatemque

156 2839 333 2942 percipio,
350 2837 376 2917 fi
393 2862 449 2939 ea,
464 2863 549 2941 quae
563 2841 660 2919 mihi
672 2836 916 2945 denegantur,
929 2837 1036 2920 Ami·

156 2955 212 3031 cir
228 2953 347 3032 video
363 2953 552 3055 supereffe.
599 2951 805 3034 Pauriffimi
817 2951 1034 3052 mortalium

95 3153 100 3162 .
155 3063 295 3152 iniunt,
318 3089 438 3167 quem
451 3071 492 3146 in
508 3065 625 3148 finem
641 3069 689 3149 D.
704 3071 759 3149 0.*
772 3067 823 3148 Μ.
844 3086 1035 3155 mentem,
1124 3065 1126 3092 ‘

155 3187 233 3279 qun
253 3177 348 3257 nihil
371 3177 590 3281 ptaesttntius
615 3183 729 3260 nobis
749 3183 880 3260 datum
906 3177 976 3284 est,
995 3183 1035 3264 in

159 3293 689 3395 exiguumhoceotpustulum
698 3298 913 3389 conjecerit.
941 3293 1036 3374 Mul·

83 3401 109 3415 “’
159 3405 208 3506 ti,
224 3401 284 3489 vei
299 3405 389 3487 iden
400 3404 438 3486 se
454 3427 560 3489 nator
573 3426 726 3511 putant,
744 3429 785 3491 ut
801 3409 901 3517 nihii
907 3407 1035 3520 profit«
1124 3415 1125 3432 ¹

949 3525 1037 3606 tntis
